@symbol{rrn,
  name        = {\ensuremath{\mathbb{R}^n}},
  description = {\ensuremath{n-}dimensional Euclidean space}
} 

@symbol{inp,
  name        = {\ensuremath{\langle x, y \rangle}},
  description = {Euclidean inner product of \ensuremath{x} and \ensuremath{y}}
} 

@symbol{norm,
  name        = {\ensuremath{\norm{x}}},
  description = {Euclidean norm of \ensuremath{x \in \mathbb{R}^n}}
} 

@symbol{ball,
  name        = {\ensuremath{B_r(a)}},
  description = {Open ball centered at \ensuremath{a \in \mathbb{R}^n} of radius \ensuremath{r}}
} 

@symbol{open,
  name        = {\ensuremath{\mathcal{O}_n}, \ensuremath{\mathcal{O}}},
  description = {Open set in \ensuremath{\mathbb{R}^n}}
} 

@symbol{delball,
  name        = {\ensuremath{D_r(a)}},
  description = {Deleted ball of radius \ensuremath{r} around \ensuremath{a \in \mathbb{R}^n}}
} 

@symbol{proj,
  name        = {\ensuremath{\Pi_i}},
  description = {Projection onto \ensuremath{i^{\text{th}}} coordinate}
} 

@symbol{powerset,
  name        = {\ensuremath{\mathcal{P}(S)}},
  description = {Power set of the set \ensuremath{S}}
} 

@symbol{interior,
  name        = {\ensuremath{\operatorname{Int}(S), S^{\circ}}},
  description = {Interior of a set \ensuremath{S \subseteq \mathbb{R}^n}}
} 

@symbol{exterior,
  name        = {\ensuremath{\operatorname{Ext}(S)}},
  description = {Exterior of a set \ensuremath{S \subseteq \mathbb{R}^n}}
} 

@symbol{boundary,
  name        = {\ensuremath{\partial S}},
  description = {Boundary of a set \ensuremath{S \subseteq \mathbb{R}^n}}
} 

@symbol{closure,
  name        = {\ensuremath{\overline{S}}},
  description = {Closure of \ensuremath{S \subseteq \mathbb{R}^n}}
} 

@symbol{limpts,
  name        = {\ensuremath{S'}},
  description = {Set of limit points of \ensuremath{S \subseteq \mathbb{R}^n}}
} 

@symbol{limf,
  name        = {\ensuremath{\displaystyle\lim_{x \to a}f}},
  description = {Limit of \ensuremath{f} as \ensuremath{x} tends to \ensuremath{a}}
} 

@symbol{poln,
  name        = {\ensuremath{\mathbb{R}[x_1, \dots, x_n]}},
  description = {Space of polynomials with real coefficients in \ensuremath{n} variables}
} 

@symbol{totderiv,
  name        = {\ensuremath{Df(a)}},
  description = {Derivative of \ensuremath{f} at \ensuremath{a}}
} 

@symbol{partderiv,
  name        = {\ensuremath{\displaystyle \pdv{f}{x_i}(a)}, \ensuremath{f_{x_i}(a)}},
  description = {Partial derivative of \ensuremath{f} with respect to the \ensuremath{i^{\text{th}}} coordinate at \ensuremath{a}}
} 

@symbol{hpartderiv,
  name        = {\ensuremath{\displaystyle f_{x_i x_j}(a), \pdv{x_j} \pdv{f}{x_i}(a), \pdv{f}{x_i}{x_j}(a)}},
  description = {Partial derivative of \ensuremath{f} with respect to the \ensuremath{i^{\text{th}}} and \ensuremath{j^{\text{th}}} coordinates at \ensuremath{a}}
} 

@symbol{classk,
  name        = {\ensuremath{C^k(S)}},
  description = {Class of all functions defined on \ensuremath{S} for which all partial derivatives on \ensuremath{S} upto order \ensuremath{k} exist and are continuous}
} 

@symbol{jacobian,
  name        = {\ensuremath{J_f(a)}},
  description = {Jacobian matrix of \ensuremath{f} at \ensuremath{a}}
} 

@symbol{dirderiv,
  name        = {\ensuremath{(D_u f)(a)}},
  description = {Directional derivative of \ensuremath{f} along \ensuremath{u} at \ensuremath{a}}
} 

@symbol{gradient,
  name        = {\ensuremath{\grad f(x)}},
  description = {Gradient of \ensuremath{f} at \ensuremath{x}}
} 

@symbol{laplacian,
  name        = {\ensuremath{\Delta f(x)}},
  description = {Laplacian of \ensuremath{f} at \ensuremath{x}}
} 

@symbol{mindexsum,
  name        = {\ensuremath{\abs{\alpha} = \displaystyle\sum_{i=1}^n \alpha_i}},
  description = {Modulus of \ensuremath{\alpha \in \mathbb{Z}^n_{\geq 0}}}
} 

@symbol{mindexfac,
  name        = {\ensuremath{\alpha ! = \displaystyle\prod_{i=1}^n \alpha_i!}},
  description = {Factorial of \ensuremath{\alpha \in \mathbb{Z}^n_{\geq 0}}}
} 

@symbol{mindexderiv,
  name        = {\ensuremath{\displaystyle\partial^{\alpha} = \frac{\partial^{|\alpha|}}{\partial {x_1}^{\alpha_1} \cdots \partial {x_n}^{\alpha_n}}}},
  description = {\ensuremath{\alpha^{\text{th}}} derivative, for \ensuremath{\alpha \in \mathbb{Z}^n_{\geq 0}}}
} 

@symbol{diffop,
  name        = {\ensuremath{(\div h )^m = \displaystyle\sum_{| \alpha | = m } \frac{m!}{\alpha!} h^{\alpha} \partial^{\alpha}}},
  description = {Differential order of order \ensuremath{m} and coefficients \ensuremath{h}}
} 

@symbol{taypol,
  name        = {\ensuremath{p_{a,k}(f,h)=\displaystyle\sum_{| \alpha | \leq k } \frac{1}{\alpha !} ({\partial}^\alpha f ) (a) h^{\alpha}}},
  description = {Taylor polynomial of \ensuremath{f} at \ensuremath{a}, of order \ensuremath{k} and difference \ensuremath{h}}
}

@symbol{hessian,
  name        = {\ensuremath{H_f(x)}},
  description = {Hessian of \ensuremath{f} at \ensuremath{x}}
} 

@symbol{qform,
  name        = {\ensuremath{Q_A(x) = x^t A x}},
  description = {Quadratic form associated to the matrix \ensuremath{A} evaluated at \ensuremath{x}}
} 

@symbol{cbox,
  name        = {\ensuremath{B, \displaystyle B^n = \prod_{i=1}^n [a_i,b_i]}},
  description = {Closed box in \ensuremath{\mathbb{R}^n} }
} 

@symbol{volume,
  name        = {\ensuremath{\operatorname{Vol}(S)}},
  description = {Volume of the (measurable) set \ensuremath{S}}
} 

@symbol{partB,
  name        = {\ensuremath{\mathscr{P}(B^n)}},
  description = {Set of all partitions of the box \ensuremath{B^n}}
} 

@symbol{boundS,
  name        = {\ensuremath{\mathscr{B}(S)}},
  description = {Space of all bounded functions defined over \ensuremath{S}}
} 

@symbol{integS,
  name        = {\ensuremath{\mathscr{R}(S)}},
  description = {Space of all Riemann-Darboux integrable functions over \ensuremath{S}}
} 

@symbol{indicator,
  name        = {\ensuremath{\chi_S}},
  description = {Indicator function of \ensuremath{S}}
} 

@symbol{lineintsc,
  name        = {\ensuremath{\displaystyle \int_{\gamma}f, \int_{\mathcal{C}}f}},
  description = {Line integral of \ensuremath{f} over \ensuremath{\mathcal{C} = \operatorname{ran}(\gamma)}}
}  

@symbol{lowersum,
  name        = {\ensuremath{L(f,P)}},
  description = {Lower Riemann sum of \ensuremath{f} with respect to the partition \ensuremath{P}}
} 

@symbol{uppersum,
  name        = {\ensuremath{U(f,P)}},
  description = {Upper Riemann sum of \ensuremath{f} with respect to the partition \ensuremath{P}}
} 

@symbol{lowerint,
  name        = {\ensuremath{\displaystyle \underline{\int}_{B}f }},
  description = {Lower Riemann integral of \ensuremath{f} over \ensuremath{B}}
} 

@symbol{upperint,
  name        = {\ensuremath{\displaystyle \overline{\int}_{B}f }},
  description = {Upper Riemann integral of \ensuremath{f} over \ensuremath{B}}
} 

@symbol{intS,
  name        = {\ensuremath{\displaystyle \int_S f \dd {V} }},
  description = {Riemann-Darboux integral of \ensuremath{f} over \ensuremath{S}}
} 

@symbol{diameter,
  name        = {\ensuremath{d(A)}},
  description = {Diameter of the set \ensuremath{A \subseteq \mathbb{R}^n}}
} 

@symbol{mesh,
  name        = {\ensuremath{\norm{P}}},
  description = {Mesh of the partition \ensuremath{P}}
} 

@symbol{arclength,
  name        = {\ensuremath{\ell(\gamma)}},
  description = {Arclength of a rectifiable curve \ensuremath{\gamma}}
} 

@symbol{lineintvec,
  name        = {\ensuremath{\displaystyle \int_{\gamma}\vec{F}\cdot \dd \vec{r}, \int_{\mathcal{C}}\vec{F}\cdot \dd \vec{r}}},
  description = {Line integral of \ensuremath{\vec{F}} over \ensuremath{\mathcal{C} = \operatorname{ran}(\gamma)}}
} 

@symbol{tanplane,
  name        = {\ensuremath{T_P\mathcal{S}}},
  description = {Tangent plane of \ensuremath{\mathcal{S}} through \ensuremath{P}}
}

@symbol{graph,
  name        = {\ensuremath{\mathcal{G}(f)}},
  description = {Graph of a \ensuremath{f: \mathbb{R}^2 \to \mathbb{R}}}
} 

@symbol{surfintsc,
  name        = {\ensuremath{\displaystyle \int_{\mathcal{S}} f \dd {S}}},
  description = {Surface integral of \ensuremath{f} over \ensuremath{\mathcal{S}}}
} 

@symbol{surfintvec,
  name        = {\ensuremath{\displaystyle \int_{\mathcal{S}} \vec{F} \cdot \dd \vec{S} = \int_{\mathcal{S}} \vec{F}\cdot\vec{n}\, \dd S}},
  description = {Surface integral of \ensuremath{\vec{F}} over \ensuremath{\mathcal{S}}}
} 

@symbol{grad,
  name        = {\ensuremath{\grad f}},
  description = {Gradient of \ensuremath{f}}
}

@symbol{div,
  name        = {\ensuremath{\div \vec{F}}},
  description = {Divergence of \ensuremath{\vec{F}}}
} 

@symbol{curl,
  name        = {\ensuremath{\curl \vec{F}}},
  description = {Curl of \ensuremath{\vec{F}}}
} 

% @symbol{,
%   name        = {\ensuremath{}},
%   description = {}
% } 

% @symbol{,
%   name        = {\ensuremath{}},
%   description = {}
% }

% @symbol{,
%   name        = {\ensuremath{}},
%   description = {}
% } 

% @symbol{,
%   name        = {\ensuremath{}},
%   description = {}
% } 

% @symbol{,
%   name        = {\ensuremath{}},
%   description = {}
% } 

% @symbol{,
%   name        = {\ensuremath{}},
%   description = {}
% }